@misc{React,
  author       = {designil},
  year         = {2017},
  howpublished = {\url{https://www.designil.com/react-คืออะไร/}},
  title        = {React คืออะไร? ไขข้อสงสัยสำหรับมือใหม่ + แนวทางการหัด React ตั้งแต่เริ่มต้น[Online]},
  note = {สืบค้นวันที่ 15 มีนาคม 2023}
}